
@Manual{standalone1.3,
title = {The standalone Package},
author = {Martin Scharrer},
organization = {\href{http://www.ctan.org/pkg/standalone}{CTAN}},
edition = {1.3a},
month = {03},
year = {2018},
ee = {http://www.ctan.org/pkg/standalone},
pages = {1--5},
}
@online{ghostscript1,
author = {Artiflex},
title = {ghostscript.com},
year = {2018},
url = {https://www.ghostscript.com/index.html},
OPTsubtitle = {Home Page},
OPTorganization = {Artiflex Software, Inc},
OPTurldate = {20180727},
}
